@book{rubin1987,
  author    = "Donald B. Rubin",
  title     = "Multiple Imputation for Nonresponse in Surveys",
  publisher = "John Wiley \& Sons",
  year      = "1987"
}

@book{hayes2008,
  author    = "Bob E. Hayes",
  title     = "Measuring Customer Satisfaction and Loyalty: Survey Design, use and Statistical analysis Methods",
  publisher = "American Society for Quality Press",
  edition   = "Third",
  year      = "2008"
}

@inproceedings{huangLuLing2003,
  title        = "Comparing naive Bayes, decision trees, and SVM with AUC and accuracy",
  author       = "Huang, Jin and Lu, Jingjing and Ling, Charles X",
  booktitle    = "Data Mining, 2003. ICDM 2003. Third IEEE International Conference on",
  pages        = "553--556",
  year         = "2003",
  organization = "IEEE"
}

@article{zhang2004,
  title   = "The optimality of naive Bayes",
  author  = "Zhang, Harry",
  journal = "A A",
  volume  = "1",
  number  = "2",
  pages   = "3",
  year    = "2004"
}

@article{blakeMerz1998,
  title   = "UCI Repository of machine learning databases [http://www.ics.uci.edu/\~{}mlearn/MLRepository.html]. Irvine, CA: University of California",
  author  = "Blake, Catherine L and Merz, Christopher J",
  journal = "Department of Information and Computer Science",
  volume  = "460",
  year    = "1998"
}

@inproceedings{langley1992analysis,
  title     = "An analysis of Bayesian classifiers",
  author    = "Langley, Pat and Iba, Wayne and Thompson, Kevin",
  booktitle = "AAAI",
  volume    = "90",
  pages     = "223--228",
  year      = "1992"
}

@book{manning2008,
  title     = "Introduction to information retrieval",
  author    = "Manning, Christopher D and Raghavan, Prabhakar and Sch{\"u}tze, Hinrich",
  volume    = "1",
  year      = "2008",
  publisher = "Cambridge University Press Cambridge"
}

@inproceedings{hofmann1999probabilistic,
  title        = "Probabilistic latent semantic indexing",
  author       = "Hofmann, Thomas",
  booktitle    = "Proceedings of the 22nd annual international ACM SIGIR conference on Research and development in information retrieval",
  pages        = "50--57",
  year         = "1999",
  organization = "ACM"
}

@inproceedings{linstead2009software,
  title     = "Software analysis with unsupervised topic models",
  author    = "Linstead, Erik and Hughes, Lindsey and Lopes, Cristina and Baldi, Pierre",
  booktitle = "NIPS Workshop on Application of Topic Models: Text and Beyond",
  volume    = "50",
  pages     = "52",
  year      = "2009"
}

@inproceedings{gethers2010using,
  title        = "Using relational topic models to capture coupling among classes in object-oriented software systems",
  author       = "Gethers, Malcom and Poshyvanyk, Denys",
  booktitle    = "Software Maintenance (ICSM), 2010 IEEE International Conference on",
  pages        = "1--10",
  year         = "2010",
  organization = "IEEE"
}

@inproceedings{kireyev2009applications,
  title     = "Applications of topics models to analysis of disaster-related twitter data",
  author    = "Kireyev, Kirill and Palen, Leysia and Anderson, K",
  booktitle = "NIPS Workshop on Applications for Topic Models: Text and Beyond",
  volume    = "1",
  year      = "2009"
}

@inproceedings{hospedales2009markov,
  title        = "A markov clustering topic model for mining behaviour in video",
  author       = "Hospedales, Timothy and Gong, Shaogang and Xiang, Tao",
  booktitle    = "Computer Vision, 2009 IEEE 12th International Conference on",
  pages        = "1165--1172",
  year         = "2009",
  organization = "IEEE"
}

@article{gerrish2009modeling,
  title  = "Modeling Influence in Text Corpora",
  author = "Gerrish, Sean and Blei, David",
  year   = "2009"
}

@article{smaragdis2009topic,
  title   = "Topic Models for Audio Mixture Analysis",
  author  = "Smaragdis, Paris and Shashanka, Madhusudana and Raj, Bhiksha",
  journal = "Applications for Topic Models: Text and Beyond, Whistler",
  year    = "2009"
}

@inproceedings{doyle2009financial,
  title     = "Financial topic models",
  author    = "Doyle, Gabriel and Elkan, Charles",
  booktitle = "NIPS 2009 Workshop on Applications of Topic Models: Text and Beyond",
  year      = "2009"
}

@inproceedings{bhardwaj2009writer,
  title     = "Writer identification in offline handwriting using topic models",
  author    = "Bhardwaj, Anurag and Malgireddy, Manavender and Setlur, Srirangaraj and Govindaraju, Venu and Ramachandrula, S",
  booktitle = "Proceedings of the NIPS 2009 Workshop on Applications of Topic Models: Text and Beyond",
  year      = "2009"
}

@article{landauer2006latent,
  title     = "Latent semantic analysis",
  author    = "Landauer, Thomas K",
  journal   = "Encyclopedia of Cognitive Science",
  year      = "2006",
  publisher = "Wiley Online Library"
}

@article{dumais2004latent,
  title     = "Latent semantic analysis",
  author    = "Dumais, Susan T",
  journal   = "Annual review of information science and technology",
  volume    = "38",
  number    = "1",
  pages     = "188--230",
  year      = "2004",
  publisher = "Wiley Online Library"
}

@article{deerwester1990indexing,
  title   = "Indexing by latent semantic analysis",
  author  = "Deerwester, Scott C. and Dumais, Susan T and Landauer, Thomas K. and Furnas, George W. and Harshman, Richard A.",
  journal = "JASIS",
  volume  = "41",
  number  = "6",
  pages   = "391--407",
  year    = "1990"
}

@article{androutsopoulos2000learning,
  title   = "Learning to filter spam e-mail: A comparison of a naive bayesian and a memory-based approach",
  author  = "Androutsopoulos, Ion and Paliouras, Georgios and Karkaletsis, Vangelis and Sakkis, Georgios and Spyropoulos, Constantine D and Stamatopoulos, Panagiotis",
  journal = "arXiv preprint cs/0009009",
  year    = "2000"
}

@inproceedings{deshpande2007evaluation,
  title     = "An evaluation of Naive Bayesian anti-spam filtering techniques",
  author    = "Deshpande, Vikas P and Erbacher, Robert F and Harris, Chris",
  booktitle = "Proceedings of the 2007 IEEE Workshop on Information Assurance United States Military Academy, West Point, NY",
  pages     = "333--340",
  year      = "2007"
}

@article{blei2003latent,
  title     = "Latent dirichlet allocation",
  author    = "Blei, David M and Ng, Andrew Y and Jordan, Michael I",
  journal   = "the Journal of machine Learning research",
  volume    = "3",
  pages     = "993--1022",
  year      = "2003",
  publisher = "JMLR. org"
}

@inproceedings{java2007we,
  title        = "Why we twitter: understanding microblogging usage and communities",
  author       = "Java, Akshay and Song, Xiaodan and Finin, Tim and Tseng, Belle",
  booktitle    = "Proceedings of the 9th WebKDD and 1st SNA-KDD 2007 workshop on Web mining and social network analysis",
  pages        = "56--65",
  year         = "2007",
  organization = "ACM"
}

@incollection{zhao2011comparing,
  title     = "Comparing twitter and traditional media using topic models",
  author    = "Zhao, Wayne Xin and Jiang, Jing and Weng, Jianshu and He, Jing and Lim, Ee-Peng and Yan, Hongfei and Li, Xiaoming",
  booktitle = "Advances in Information Retrieval",
  pages     = "338--349",
  year      = "2011",
  publisher = "Springer"
}

@inproceedings{weng2010twitterrank,
  title        = "Twitterrank: finding topic-sensitive influential twitterers",
  author       = "Weng, Jianshu and Lim, Ee-Peng and Jiang, Jing and He, Qi",
  booktitle    = "Proceedings of the third ACM international conference on Web search and data mining",
  pages        = "261--270",
  year         = "2010",
  organization = "ACM"
}

@book{friedl2006mastering,
  title     = "Mastering regular expressions",
  author    = "Friedl, Jeffrey",
  year      = "2006",
  publisher = "O'Reilly Media, Inc."
}

@article{wilbur1992automatic,
  title     = "The automatic identification of stop words",
  author    = "Wilbur, W John and Sirotkin, Karl",
  journal   = "Journal of information science",
  volume    = "18",
  number    = "1",
  pages     = "45--55",
  year      = "1992",
  publisher = "Sage Publications"
}

@article{sivic2009efficient,
  title     = "Efficient visual search of videos cast as text retrieval",
  author    = "Sivic, Josef and Zisserman, Andrew",
  journal   = "Pattern Analysis and Machine Intelligence, IEEE Transactions on",
  volume    = "31",
  number    = "4",
  pages     = "591--606",
  year      = "2009",
  publisher = "IEEE"
}

@inproceedings{hoffman2010online,
  title     = "Online Learning for Latent Dirichlet Allocation.",
  author    = "Hoffman, Matthew D and Blei, David M and Bach, Francis R",
  booktitle = "NIPS",
  volume    = "2",
  number    = "3",
  pages     = "5",
  year      = "2010"
}

@inproceedings{asuncion2009smoothing,
  title        = "On smoothing and inference for topic models",
  author       = "Asuncion, Arthur and Welling, Max and Smyth, Padhraic and Teh, Yee Whye",
  booktitle    = "Proceedings of the Twenty-Fifth Conference on Uncertainty in Artificial Intelligence",
  pages        = "27--34",
  year         = "2009",
  organization = "AUAI Press"
}

@inproceedings{lau2012line,
  title  = "On-line Trend Analysis with Topic Models:$\backslash$\# twitter Trends Detection Topic Model Online.",
  author = "Lau, Jey Han and Collier, Nigel and Baldwin, Timothy",
  year   = "2012"
}

@article{ling2003auc,
  title     = "AUC: a better measure than accuracy in comparing learning algorithms",
  author    = "Ling, Charles X and Huang, Jin and Zhang, Harry",
  journal   = "Advances in Artificial Intelligence",
  pages     = "329--341",
  year      = "2003",
  publisher = "Springer Berlin Heidelberg"
}

@article{bradley1997use,
  title     = "The use of the area under the ROC curve in the evaluation of machine learning algorithms",
  author    = "Bradley, Andrew P",
  journal   = "Pattern recognition",
  volume    = "30",
  number    = "7",
  pages     = "1145--1159",
  year      = "1997",
  publisher = "Elsevier"
}

@article{huang2005using,
  title     = "Using AUC and accuracy in evaluating learning algorithms",
  author    = "Huang, Jin and Ling, Charles X",
  journal   = "Knowledge and Data Engineering, IEEE Transactions on",
  volume    = "17",
  number    = "3",
  pages     = "299--310",
  year      = "2005",
  publisher = "IEEE"
}

@article{scikit-learn,
 title   = "Scikit-learn: Machine Learning in {P}ython",
 author  = "Pedregosa, F. and Varoquaux, G. and Gramfort, A. and Michel, V.  and Thirion,
             B. and Grisel, O. and Blondel, M. and Prettenhofer, P.  and Weiss, R. and Dubourg,
             V. and Vanderplas, J. and Passos, A. and Cournapeau, D. and Brucher, M. and Perrot,
             M. and Duchesnay, E.",
 journal = "Journal of Machine Learning Research",
 volume  = "12",
 pages   = "2825--2830",
 year    = "2011"
}

@inproceedings{rehurek_lrec,
  title     = "{Software Framework for Topic Modelling with Large Corpora}",
  author    = "Radim {\v R}eh{\r u}{\v r}ek and Petr Sojka",
  booktitle = "{Proceedings of the LREC 2010 Workshop on New Challenges for NLP Frameworks}",
  pages     = "45--50",
  year      = 2010,
  month     = May,
  day       = 22,
  publisher = "ELRA",
  address   = "Valletta, Malta",
  note      = "\url{http://is.muni.cz/publication/884893/en}",
  language  = "English"
}

@unpublished{McCallumMALLET,
  author = "Andrew Kachites McCallum",
  title  = "MALLET: A Machine Learning for Language Toolkit",
  note   = "\url{http://mallet.cs.umass.edu}",
  year   = 2002
}

@Article{hunter-2007,
  Author    = "Hunter, J. D.",
  Title     = "Matplotlib: A 2D graphics environment",
  Journal   = "Computing In Science \& Engineering",
  Volume    = "9",
  Number    = "3",
  Pages     = "90--95",
  publisher = "IEEE COMPUTER SOC",
  year      = 2007,
  note      = "\url{http://matplotlib.org/}"
}
